@article{spiegelhalter1986,
  title={A predictive approach to selecting the size of a clinical trial, based on subjective clinical opinion},
  author={Spiegelhalter, D J and Freedman, L S},
  journal={Statistics in Medicine},
  volume={5},
  number={1},
  pages={1--13},
  year={1986},
  publisher={Wiley Online Library}
}

@article{brown1987projection,
  title={Projection from previous studies: a Bayesian and frequentist compromise},
  author={Brown, Barry W and Herson, Jay and Atkinson, E Neely and Rozell, M Elizabeth},
  journal={Controlled Clinical Trials},
  volume={8},
  number={1},
  pages={29--44},
  year={1987},
  publisher={Elsevier}
}

@article{o2001bayesian,
  title={Bayesian assessment of sample size for clinical trials of cost-effectiveness},
  author={O'Hagan, Anthony and Stevens, John W},
  journal={Medical Decision Making},
  volume={21},
  number={3},
  pages={219--230},
  year={2001},
  publisher={Sage Publications Sage CA: Thousand Oaks, CA}
}

@article{rufibach_15,
  title={Bayesian predictive power: choice of prior and some recommendations for its use as probability of success in drug development},
  author={Rufibach, K and Burger, HU and Abt, M},
  journal={Pharmaceutical Statistics},
  year={2016},
  pages={438--446},
  volume={15},
  number={5},
  institution={Roche}
}

@article{wang2013evaluating,
  title={Evaluating and utilizing probability of study success in clinical development},
  author={Wang, Yanping and Fu, Haoda and Kulkarni, Pandurang and Kaiser, Christopher},
  journal={Clinical Trials},
  volume={10},
  number={3},
  pages={407--413},
  year={2013},
  publisher={SAGE Publications Sage UK: London, England}
}

@article{ohagan-2005,
  title={Assurance in clinical trial design},
  author={O'Hagan, Anthony and Stevens, John W and Campbell, Michael J},
  journal={Pharmaceutical Statistics},
  volume={4},
  number={3},
  pages={187--201},
  year={2005},
  publisher={Wiley Online Library}
}

@article{chuang2011,
  title={The role of the minimum clinically important difference and its impact on designing a trial},
  author={Chuang-Stein, Christy and Kirby, Simon and Hirsch, Ian and Atkinson, Gary},
  journal={Pharmaceutical Statistics},
  volume={10},
  number={3},
  pages={250--256},
  year={2011},
  publisher={Wiley Online Library}
}

@article{dallow_18,
  author={Dallow, Nigel and Best, Nicky and Montague, Timothy H},
  title={Better decision making in drug development through adoption of formal prior elicitation},
  journal={Pharmaceutical Statistics},
  year={2018},
  volume={17},
  number={4},
  month=jul,
  pages={301--316},
  issn={1539-1612},
  doi={10.1002/pst.1854}
 }

@article{kinnersley_13,
  author={Kinnersley, Nelson and Day, Simon},
  title={Structured approach to the elicitation of expert beliefs for a Bayesian-designed clinical trial: a case study},
  journal={Pharmaceutical Statistics},
  year={2013},
  volume={12},
  number={2},
  pages={104--113},
  __markedentry={[rufiback:6]}
}

@misc{shelf,
  author={Oakley, J and O'Hagan, A},
  title={{SHELF: the Sheffield Elicitation Framework}},
  year={2019},
  url={http://www.tonyohagan.co.uk/shelf/},
  version={4}
}

@article{cook2018delta2,
  title={{DELTA2} guidance on choosing the target difference and undertaking and reporting the sample size calculation for a randomised controlled trial},
  author={Cook, Jonathan A and Julious, Steven A and Sones, William and Hampson, Lisa V and Hewitt, Catherine and Berlin, Jesse A and Ashby, Deborah and Emsley, Richard and Fergusson, Dean A and Walters, Stephen J and Wilson, Edward C F and MacLennan, Graeme and Stallard, Nigel and Rothwell, Joanne C and Bland, Martin and Brown, Louise and Ramsay, Craig R and Cook, Andrew and Armstrong, David and Altman, Doug and Vale, Luke D},
  journal={BMJ},
  volume={363},
  pages={k3750},
  year={2018},
  publisher={British Medical Journal Publishing Group}
}

@article{wong2019estimation,
  title={Estimation of clinical trial success rates and related parameters},
  author={Wong, Chi Heem and Siah, Kien Wei and Lo, Andrew W},
  journal={Biostatistics},
  volume={20},
  number={2},
  pages={273--286},
  year={2019},
  publisher={Narnia}
}

@article{dimasi2016innovation,
  title={Innovation in the pharmaceutical industry: new estimates of {R\&D} costs},
  author={DiMasi, Joseph A and Grabowski, Henry G and Hansen, Ronald W},
  journal={Journal of Health Economics},
  volume={47},
  pages={20--33},
  year={2016},
  publisher={Elsevier}
}

@article{lamberink2018,
  title={Statistical power of clinical trials increased while effect size remained stable: an empirical analysis of 136,212 clinical trials between 1975 and 2014},
  author={Lamberink, Herm J and Otte, Willem M and Sinke, Michel RT and Lakens, Dani\"{e}l and Glasziou, Paul P and Tijdinke, Joeri K and Vinkers, Christiaan H},
  journal={Journal of Clinical Epidemiology},
  volume={102},
  pages={123--128},
  year={2018},
}

@article{lenth2001,
  title={Some practical guidelines for effective sample size determination},
  author={Lenth, Russell V},
  journal={The American Statistician},
  volume={55},
  number={3},
  pages={187--193},
  year={2001},
  publisher={Taylor \& Francis}
}

@article{obuchowski1998,
  title={Sample size calculations in studies of test accuracy},
  author={Obuchowski, Nancy A},
  journal={Statistical Methods in Medical Research},
  volume={7},
  pages={392},
  year={1998},
}

@Book{Thompson2012,
  title     = {Sampling},
  publisher = {John Wiley~\&~Sons, Hoboken, New Jersey},
  year      = {2012},
  author    = {Thompson, Stephen K},
  edition   = {{3rd edition}},
}

@article{saint-hilary-2019,
    title={Predictive probability of success using surrogate endpoints},
    author={Saint-Hilary, Gaelle and Barboux, Valentine and Pannaux, Matthieu and Gasparini, Mauro and Robert, Veronique and Mastrantonio, Gianluca},
    journal={Statistics in Medicine},
    volume={38},
    number={10},
    pages={1753--1774},
    year={2019},
    publisher={Wiley Online Library}
}

@article{carroll-2013,
    title={Decision making from phase II to phase III and the probability of success: reassured by “assurance”?},
    author={Carroll, Kevin J},
    journal={Journal of Biopharmaceutical Statistics},
    volume={23},
    number={5},
    pages={1188--1200},
    year={2013},
    publisher={Taylor \& Francis}
}

@article{chuang-2006,
    title={Sample size and the probability of a successful trial},
    author={Chuang-Stein, Christy},
    journal={Pharmaceutical Statistics},
    volume={5},
    number={4},
    pages={305--309},
    year={2006},
    publisher={Wiley Online Library}
}

@article{ambrosius-2012,
    title={Design of the value of imaging in enhancing the wellness of your heart (VIEW) trial and the impact of uncertainty on power},
    author={Ambrosius, Walter T and Polonsky, Tamar S and Greenland, Philip and Goff Jr, David C and Perdue, Letitia H and Fortmann, Stephen P and Margolis, Karen L and Pajewski, Nicholas M},
    journal={Clinical Trials},
    volume={9},
    number={2},
    pages={232--246},
    year={2012},
    publisher={SAGE Publications Sage UK: London, England}
}

@article{brutti-2014,
      title={Bayesian-frequentist sample size determination: a game of two priors},
      author={Brutti, Pierpaolo and De Santis, Fulvio and Gubbiotti, Stefania},
      journal={Metron},
      volume={72},
      number={2},
      pages={133--151},
      year={2014},
      publisher={Springer}
}

@article{chen-2017,
    title={From statistical power to statistical assurance: It's time for a paradigm change in clinical trial design},
    author={Chen, Ding-Geng and Ho, Shuyen},
    journal={Communications in Statistics-Simulation and Computation},
    volume={46},
    number={10},
    pages={7957--7971},
    year={2017},
    publisher={Taylor \& Francis}
}

@article{ciarleglio-2017,
    title={Sample size determination for a binary response in a superiority clinical trial using a hybrid classical and Bayesian procedure},
    author={Ciarleglio, Maria M and Arendt, Christopher D},
    journal={Trials},
    volume={18},
    number={1},
    pages={83},
    year={2017},
    publisher={Springer}
}

@article{ciarleglio-2016,
    title={Selection of the effect size for sample size determination for a continuous response in a superiority clinical trial using a hybrid classical and Bayesian procedure},
    author={Ciarleglio, Maria M and Arendt, Christopher D and Peduzzi, Peter N},
    journal={Clinical Trials},
    volume={13},
    number={3},
    pages={275--285},
    year={2016},
    publisher={SAGE Publications Sage UK: London, England}
}

@article{ciarleglio-2015,
    title={Selection of the treatment effect for sample size determination in a superiority clinical trial using a hybrid classical and Bayesian procedure},
    author={Ciarleglio, Maria M and Arendt, Christopher D and Makuch, Robert W and Peduzzi, Peter N},
    journal={Contemporary Clinical Trials},
    volume={41},
    pages={160--171},
    year={2015},
    publisher={Elsevier}
}

@article{crisp-2018,
    title={Practical experiences of adopting assurance as a quantitative framework to support decision making in drug development},
    author={Crisp, Adam and Miller, Sam and Thompson, Douglas and Best, Nicky},
    journal={Pharmaceutical Statistics},
    volume={17},
    number={4},
    pages={317--328},
    year={2018},
    publisher={Wiley Online Library}
}

@article{kirby-2012,
    title={Discounting phase 2 results when planning phase 3 clinical trials},
    author={Kirby, S and Burke, J and Chuang-Stein, C and Sin, C},
    journal={Pharmaceutical Statistics},
    volume={11},
    number={5},
    pages={373--385},
    year={2012},
    publisher={Wiley Online Library}
    }

@article{gotte-2017,
      title={Probability of success for phase III after exploratory biomarker analysis in phase II},
      author={G{\"o}tte, Heiko and Kirchner, Marietta and Sailer, Martin Oliver},
      journal={Pharmaceutical Statistics},
      volume={16},
      number={3},
      pages={178--191},
      year={2017},
      publisher={Wiley Online Library}
}

@article{walley-2015,
    title={Advantages of a wholly Bayesian approach to assessing efficacy in early drug development: a case study},
    author={Walley, Rosalind J and Smith, Claire L and Gale, Jeremy D and Woodward, Phil},
    journal={Pharmaceutical Statistics},
    volume={14},
    number={3},
    pages={205--215},
    year={2015},
    publisher={Wiley Online Library}
}

@article{zhang-2013,
    title={Joint probability of statistical success of multiple phase III trials},
    author={Zhang, Jianliang and Zhang, Jenny J},
    journal={Pharmaceutical Statistics},
    volume={12},
    number={6},
    pages={358--365},
    year={2013},
    publisher={Wiley Online Library}
}

@article{wang-2015,
    title={Evaluation of program success for programs with multiple trials in binary outcomes},
    author={Wang, Meihua and Liu, G Frank and Schindler, Jerald},
    journal={Pharmaceutical Statistics},
    volume={14},
    number={3},
    pages={172--179},
    year={2015},
    publisher={Wiley Online Library}
}
@article{jiang-2011,
    title={Optimal sample sizes and go/no-go decisions for phase II/III development programs based on probability of success},
    author={Jiang, Kaihong},
    journal={Statistics in Biopharmaceutical Research},
    volume={3},
    number={3},
    pages={463--475},
    year={2011},
    publisher={Taylor \& Francis}
}

@article{wang-2013,
    title={Evaluating and utilizing probability of study success in clinical development},
    author={Wang, Yanping and Fu, Haoda and Kulkarni, Pandurang and Kaiser, Christopher},
    journal={Clinical Trials},
    volume={10},
    number={3},
    pages={407--413},
    year={2013},
    publisher={SAGE Publications Sage UK: London, England}
}
@incollection{wang-2015b,
    title={Applications of probability of study success in clinical drug development},
    author={Wang, Ming-Dauh},
    booktitle={Applied Statistics in Biomedicine and Clinical Trials Design},
    pages={185--196},
    year={2015},
    publisher={Springer}
}

@incollection{chen-2018,
    title={Statistical Power and Bayesian Assurance in Clinical Trial Design},
    author={Chen, Ding-Geng and Chen, Jenny K},
    booktitle={New Frontiers of Biostatistics and Bioinformatics},
    pages={193--200},
    year={2018},
    publisher={Springer}
}

@article{daimon-2008,
    title={Bayesian sample size calculations for a non-inferiority test of two proportions in clinical trials},
    author={Daimon, Takashi},
    journal={Contemporary Clinical Trials},
    volume={29},
    number={4},
    pages={507--516},
    year={2008},
    publisher={Elsevier}
}
@article{crook-1982,
    title={The powers and strengths of tests for multinomials and contingency tables},
    author={Crook, James Flinn and Good, Irving John},
    journal={Journal of the American Statistical Association},
    volume={77},
    number={380},
    pages={793--802},
    year={1982},
    publisher={Taylor \& Francis}
}

@article{gillett-1994,
    title={An average power criterion for sample size estimation},
    author={Gillett, Raphael},
    journal={Journal of the Royal Statistical Society: Series D (The Statistician)},
    volume={43},
    number={3},
    pages={389--394},
    year={1994},
    publisher={Wiley Online Library}
}

@article{grouin-2007,
    title={Bayesian sample size determination in non-sequential clinical trials: Statistical aspects and some regulatory considerations},
    author={Grouin, Jean-Marie and Coste, Maylis and Bunouf, Pierre and Lecoutre, Bruno},
    journal={Statistics in Medicine},
    volume={26},
    number={27},
    pages={4914--4924},
    year={2007},
    publisher={Wiley Online Library}
}

@article{hu-2014,
    title={Probability of success: estimation framework, properties and applications},
    author={Hu, Peter},
    journal={Stat},
    volume={3},
    number={1},
    pages={158--171},
    year={2014},
    publisher={Wiley Online Library}
}

@article{ibrahim-2015,
    title={Bayesian probability of success for clinical trials using historical data},
    author={Ibrahim, Joseph G and Chen, Ming-Hui and Lakshminarayanan, Mani and Liu, Guanghan F and Heyse, Joseph F},
    journal={Statistics in Medicine},
    volume={34},
    number={2},
    pages={249--264},
    year={2015},
    publisher={Wiley Online Library}
}

@article{lan-2012,
    title={Some thoughts on sample size: a Bayesian-frequentist hybrid approach},
    author={Lan, KK Gordan and Wittes, Janet T},
    journal={Clinical Trials},
    volume={9},
    number={5},
    pages={561--569},
    year={2012},
    publisher={SAGE Publications Sage UK: London, England}
}

@article{ren-2014,
    title={Assurance calculations for planning clinical trials with time-to-event outcomes},
    author={Ren, Shijie and Oakley, Jeremy E},
    journal={Statistics in Medicine},
    volume={33},
    number={1},
    pages={31--45},
    year={2014},
    publisher={Wiley Online Library}
}

@article{chuang-2010,
    title={A revisit of sample size decisions in confirmatory trials},
    author={Chuang-Stein, Christy and Yang, Ruoyong},
    journal={Statistics in Biopharmaceutical Research},
    volume={2},
    number={2},
    pages={239--248},
    year={2010},
    publisher={Taylor \& Francis}
}

@article{sahu-2006,
    title={A Bayesian method of sample size determination with practical applications},
    author={Sahu, SK and Smith, TMF},
    journal={Journal of the Royal Statistical Society: Series A (Statistics in Society)},
    volume={169},
    number={2},
    pages={235--253},
    year={2006},
    publisher={Wiley Online Library}
}

@article{saint-hilary-2018,
    title={Decision-making in drug development using a composite definition of success},
    author={Saint-Hilary, Gaelle and Robert, Veronique and Gasparini, Mauro},
    journal={Pharmaceutical Statistics},
    volume={17},
    number={5},
    pages={555--569},
    year={2018},
    publisher={Wiley Online Library}
}

@article{shao-2008,
    title={A hybrid Bayesian-frequentist approach to evaluate clinical trial designs for tests of superiority and non-inferiority},
    author={Shao, Yongzhao and Mukhi, Vandana and Goldberg, Judith D},
    journal={Statistics in Medicine},
    volume={27},
    number={4},
    pages={504--519},
    year={2008},
    publisher={Wiley Online Library}
}

@book{spiegelhalter-2004,
    title={Bayesian approaches to clinical trials and health-care evaluation},
    author={Spiegelhalter, David J and Abrams, Keith R and Myles, Jonathan P},
    volume={13},
    year={2004},
    publisher={John Wiley \& Sons}
}

@article{liu-2010,
    title={An extension of Bayesian expected power and its application in decision making},
    author={Liu, Fang},
    journal={Journal of Biopharmaceutical Statistics},
    volume={20},
    number={5},
    pages={941--953},
    year={2010},
    publisher={Taylor \& Francis}
}

@article{lindley-1997,
    title={The choice of sample size},
    author={Lindley, Dennis V},
    journal={Journal of the Royal Statistical Society: Series D (The Statistician)},
    volume={46},
    number={2},
    pages={129--138},
    year={1997},
    publisher={Wiley Online Library}
}

@article{bauer-2016,
    title={Twenty-five years of confirmatory adaptive designs: opportunities and pitfalls},
    author={Bauer, Peter and Bretz, Frank and Dragalin, Vladimir and K{\"o}nig, Franz and Wassmer, Gernot},
    journal={Statistics in Medicine},
    volume={35},
    number={3},
    pages={325--347},
    year={2016},
    publisher={Wiley Online Library}
}

@inproceedings{jupyter-2018,
  title={Binder 2.0-Reproducible, interactive, sharable environments for science at scale},
  author={Jupyter and Bussonnier, M and Forde, J and Freeman, J and Granger, B and Head, T and Holdgraf, C and Kelley, K and Nalvarte, G and Osheroff, A and others},
  booktitle={Proceedings of the 17th python in science conference},
  volume={113},
  pages={120},
  year={2018}
}